<?xml version="1.0" encoding="UTF-8"?><collection><record><leader>03009ntm a2200373 a 4500</leader><controlfield tag="001">002583084</controlfield><controlfield tag="003">MiAaHDL</controlfield><controlfield tag="005">20190719000000.0</controlfield><controlfield tag="006">m        d        </controlfield><controlfield tag="007">cr bn ---auaua</controlfield><controlfield tag="008">921209s1824    xx            00||  ara d</controlfield><datafield tag="035" ind1=" " ind2=" "><subfield code="a">(MiU)002583084</subfield></datafield><datafield tag="035" ind1=" " ind2=" "><subfield code="a">sdr-miu002583084</subfield></datafield><datafield tag="035" ind1=" " ind2=" "><subfield code="a">(OCoLC)34365327</subfield></datafield><datafield tag="035" ind1=" " ind2=" "><subfield code="a">(RLIN)MIUH92-A33</subfield></datafield><datafield tag="040" ind1=" " ind2=" "><subfield code="a">MiU</subfield><subfield code="c">MiU</subfield><subfield code="e">appm</subfield></datafield><datafield tag="100" ind1="0" ind2=" "><subfield code="6">880-01</subfield><subfield code="a">Aḥmad al-Ṭabbākh al-Azharī,</subfield><subfield code="d">ca. 1824.</subfield></datafield><datafield tag="245" ind1="1" ind2="3"><subfield code="6">880-02</subfield><subfield code="a">al-Bahjah al-sanīyah fī mabdaʾ al-ʻulūm al-riyāḍīyah :</subfield><subfield code="k">manuscript,</subfield><subfield code="f">[1824].</subfield></datafield><datafield tag="300" ind1=" " ind2=" "><subfield code="a">1</subfield><subfield code="f">v. ([142] p.) ;</subfield><subfield code="c">21 cm.</subfield></datafield><datafield tag="500" ind1=" " ind2=" "><subfield code="a">Watermarks: Scrollwork with 3 lions rampant; scrollwork shield with initials DC in roman; scrollwork with lion rampant; scrollwork with lotus (?); initials GBA in roman; scrollwork with GIUSEPPE in roman; VICO in roman. For the first see Edward Heawood, Watermarks, Mainly of the 17th and 18th Centuries (Hilversum, 1950), no. 3737.</subfield></datafield><datafield tag="500" ind1=" " ind2=" "><subfield code="a">Contains logarithmic tables.</subfield></datafield><datafield tag="500" ind1=" " ind2=" "><subfield code="a">Text rubricated; marginal corrections in hand of author/copyist; marginal notes in another hand.</subfield></datafield><datafield tag="500" ind1=" " ind2=" "><subfield code="a">al-ithnayn al-mubārak salkh Dhī al-Qaʻdah sanat 1239 [27 July 1824] ʻalá yad kātibihi al-mutarjim al-madhkūr.</subfield></datafield><datafield tag="500" ind1=" " ind2=" "><subfield code="a">Date, provenance, name of copyist, and source of copy in colophon: wa-hādhā ākhir mā yasurruhu al-mawlá al-karīm min tarjamat hādhā al-majmūʻ al-ʻaẓīm wa-dhālika bi-naqlihi min al-lughah al-iṭāliyānīyah ilá al-lughah al-ʻarabīyah wa-ḥaṣala dhālika wa-tamma bi-al-madrasah allatī anshaʾahā walī al-niʻam tarjamah ʻalá yad al-faqīr al-ḥaqīr Aḥmad al-Ṭabbākh laṭafa bi-hi al-ḥukm al-khayr fa-kāna al-farāgh min tabyīḍihi baʻd naqlihi ilá musawwadah min aṣlihi yawm</subfield></datafield><datafield tag="520" ind1=" " ind2=" "><subfield code="a">Questions about the fundamentals of mathematics with their answers. Translated by the author from an Italian original while he was an instructor at the Dār al-Handasah. The introduction mentions Muḥammad ʻAlī and the scholl's director, ʻUthmān Nūr al-Dīn Afandī. See James Heyworth-Dunne, An Introduction to the History of Education in Modern Egypt (London, 1938), pp. 108-109.</subfield></datafield><datafield tag="538" ind1=" " ind2=" "><subfield code="a">Mode of access: Internet.</subfield></datafield><datafield tag="541" ind1=" " ind2=" "><subfield code="d">07/--/36</subfield><subfield code="3">Manuscript</subfield><subfield code="a">McGregor Fund</subfield><subfield code="c">Purchase, 1933/34</subfield><subfield code="h">25 p.t.</subfield></datafield><datafield tag="545" ind1=" " ind2=" "><subfield code="a">An Egyptian (?) instructor of mathematics (?) at the Dār al-Handasah, founded by Muḥammad ʻAlī in Cairo in 1820.</subfield></datafield><datafield tag="561" ind1=" " ind2=" "><subfield code="a">Purchased in Cairo, 1933/34. Owner's mark: inside cover, manuscript notes in handwriting of Max Meyerhof.</subfield></datafield><datafield tag="650" ind1=" " ind2="0"><subfield code="a">Mathematics.</subfield></datafield><datafield tag="650" ind1=" " ind2="0"><subfield code="a">Manuscripts, Arabic</subfield><subfield code="z">Michigan</subfield><subfield code="z">Ann Arbor.</subfield></datafield><datafield tag="700" ind1="1" ind2=" "><subfield code="a">Meyerhof, Max,</subfield><subfield code="d">1874-1945,</subfield><subfield code="e">former owner.</subfield></datafield><datafield tag="773" ind1="0" ind2=" "><subfield code="7">unbc</subfield><subfield code="a">Tracy W. McGregor Collection of Arabic, Persian, and Turkish Mathematical and Astronomical Manuscripts.</subfield><subfield code="w">(CStRLIN)MIUH92-A20.</subfield></datafield><datafield tag="880" ind1="1" ind2="2"><subfield code="6">245-02/</subfield><subfield code="a">البهجة السنية في مبدأ العلوم الرياضية :</subfield><subfield code="k">manuscript،</subfield><subfield code="f">[1824].</subfield></datafield><datafield tag="880" ind1="0" ind2=" "><subfield code="6">100-01/</subfield><subfield code="a">أحمد الطباخ الأزهري.</subfield></datafield><datafield tag="CID" ind1=" " ind2=" "><subfield code="a">002583084</subfield></datafield><datafield tag="DAT" ind1="0" ind2=" "><subfield code="a">20190719102632.0</subfield><subfield code="b">20190719000000.0</subfield></datafield><datafield tag="DAT" ind1="1" ind2=" "><subfield code="a">20190719090653.0</subfield><subfield code="b">2019-07-19T16:10:31Z</subfield></datafield><datafield tag="DAT" ind1="2" ind2=" "><subfield code="a">2015-10-10T18:00:06Z</subfield></datafield><datafield tag="CAT" ind1=" " ind2=" "><subfield code="a">SDR-MIU</subfield><subfield code="d">EX LIBRIS - ALEPH</subfield><subfield code="l">prepare.pl-004-008</subfield></datafield><datafield tag="FMT" ind1=" " ind2=" "><subfield code="a">BK</subfield></datafield><datafield tag="HOL" ind1=" " ind2=" "><subfield code="0">sdr-miu002583084</subfield><subfield code="a">MiU</subfield><subfield code="b">SDR</subfield><subfield code="c">MIU</subfield><subfield code="p">mdp.39015081446778</subfield><subfield code="s">MIU</subfield><subfield code="1">002583084</subfield></datafield><datafield tag="974" ind1=" " ind2=" "><subfield code="b">MIU</subfield><subfield code="c">MIU</subfield><subfield code="d">20190719</subfield><subfield code="s">lit-dlps-dc</subfield><subfield code="u">mdp.39015081446778</subfield><subfield code="y">1824</subfield><subfield code="r">pd</subfield><subfield code="q">bib</subfield><subfield code="t">non-US bib date1 &lt; 1896</subfield></datafield></record></collection>